<?xml version='1.0' encoding='UTF-8'?>
<record xmlns="http://www.loc.gov/MARC21/slim">
  <leader>01076cam a2200241 a 4500</leader>
  <controlfield tag="001">836335</controlfield>
  <controlfield tag="003">NjP</controlfield>
  <controlfield tag="005">20171025085909.0</controlfield>
  <controlfield tag="008">930921q19001993ir            000 0 ara d</controlfield>
  <datafield tag="024" ind1="7" ind2=" ">
    <subfield code="a">princeton_aco002968</subfield>
    <subfield code="2">local</subfield>
  </datafield>
  <datafield ind1=" " ind2=" " tag="035">
    <subfield code="a">(OCoLC)28930946</subfield>
  </datafield>
  <datafield ind1=" " ind2=" " tag="035">
    <subfield code="a">(CStRLIN)NJPG93-B51316</subfield>
  </datafield>
  <datafield ind1=" " ind2=" " tag="035">
    <subfield code="9">AEE4268TS</subfield>
  </datafield>
  <datafield ind1=" " ind2=" " tag="040">
    <subfield code="a">NjP</subfield>
    <subfield code="c">NjP</subfield>
    <subfield code="d">NjP</subfield>
  </datafield>
  <datafield ind1="1" ind2=" " tag="100">
    <subfield code="a">Qummī, ʻAbd Allāh ibn Jaʻfar,</subfield>
    <subfield code="d">d. ca. 922.</subfield>
    <subfield code="0">http://id.loc.gov/authorities/names/nr93038762</subfield>
  </datafield>
  <datafield ind1="1" ind2="0" tag="245">
    <subfield code="a">Qurb al-isnād /</subfield>
    <subfield code="c">li-Abī al-ʻAbbās ʻAbd Allāh ibn Jaʻfar al-Ḥimyārī al-Qummī. Wa-yalīhi al-Ashʻathīyāt / li-Abī ʻAlī Muḥammad ibn Muḥammad al-Ashʻath al-Kūfī.</subfield>
  </datafield>
  <datafield ind1=" " ind2=" " tag="250">
    <subfield code="a">al-Ṭabʻah 1.</subfield>
  </datafield>
  <datafield ind1=" " ind2=" " tag="260">
    <subfield code="a">Tihrān :</subfield>
    <subfield code="b">Maṭbaʻat Nīnawī al-Ḥathīthah,</subfield>
    <subfield code="c">[19--]</subfield>
  </datafield>
  <datafield ind1=" " ind2=" " tag="300">
    <subfield code="a">177, 251 p. ;</subfield>
    <subfield code="c">25 cm.</subfield>
  </datafield>
  <datafield ind1=" " ind2="0" tag="650">
    <subfield code="a">Hadith (Shiites)</subfield>
  </datafield>
  <datafield ind1="2" ind2="2" tag="700">
    <subfield code="a">Ibn al-Ashʻath, Muḥammad ibn Muḥammad,</subfield>
    <subfield code="d">10th cent.</subfield>
    <subfield code="t">Ashʻathīyāt.</subfield>
    <subfield code="0">http://id.loc.gov/authorities/names/nr93038810</subfield>
  </datafield>
  <datafield ind1="0" ind2=" " tag="740">
    <subfield code="a">Ashʻathīyāt.</subfield>
  </datafield>
  <datafield ind1=" " ind2=" " tag="998">
    <subfield code="a">10/07/93</subfield>
    <subfield code="s">9114</subfield>
    <subfield code="n">NjP</subfield>
    <subfield code="w">NJPG93B51316</subfield>
    <subfield code="d">09/21/93</subfield>
    <subfield code="c">JAB</subfield>
    <subfield code="b">AUT</subfield>
    <subfield code="i">931007</subfield>
    <subfield code="l">NJPG</subfield>
  </datafield>
  <datafield ind1=" " ind2=" " tag="911">
    <subfield code="a">19931014</subfield>
  </datafield>
  <datafield ind1=" " ind2=" " tag="912">
    <subfield code="a">19931007000000.0</subfield>
  </datafield>
  <datafield ind1="0" ind2="0" tag="852">
    <subfield code="0">952289</subfield>
    <subfield code="b">rcppa</subfield>
    <subfield code="t">1</subfield>
    <subfield code="h">BP193.26</subfield>
    <subfield code="i">.Q855 1900z</subfield>
    <subfield code="x">tr fr anxa</subfield>
  </datafield>
  <datafield ind1=" " ind2=" " tag="959">
    <subfield code="a">2000-06-13 00:00:00 -0500</subfield>
  </datafield>
</record>
